@article{knuth84,
  author = {Knuth, Donald E.},
  title = {Literate Programming},
  year = {1984},
  issue_date = {May 1984},
  publisher = {Oxford University Press, Inc.},
  address = {USA},
  volume = {27},
  number = {2},
  issn = {0010-4620},
  url = {https://doi.org/10.1093/comjnl/27.2.97},
  doi = {10.1093/comjnl/27.2.97},
  journal = {Comput. J.},
  month = may,
  pages = {97â€“111},
  numpages = {15}
}



@article{jones2014,
	title = {The Aquarium vet equarist course.},
	author = {Jones, Rob},
	year = {2014},
	date = {2014}
}

@article{oie2019,
	title = {Terrestrial animal health code},
	author = {OIE, },
	year = {2019},
	date = {2019}
}

@article{smith2017,
	title = {The Elasmobranch Husbandry Manual II.pdf},
	author = {Smith, Mark and Warmolts, Doug and Thoney, Dennis and Heuter, Robert and Murray, Michael},
	year = {2017},
	date = {2017}
}

@article{leary2020,
	title = {AVMA Guidelines for the Euthanasia of Animals: 2020 Edition},
	author = {Leary, Steven and Pharmaceuticals, Fidelis and Underwood, Wendy and Anthony, Raymond and Cartner, Samuel and Johnson, Cia L and Patterson-Kane, Emily},
	year = {2020},
	date = {2020},
	langid = {en}
}

@article{vaughan2019,
	title = {Quarantine Operations Manual},
	author = {Vaughan, David},
	year = {2019},
	date = {2019},
	langid = {en}
}

@book{arthur2008,
	title = {Procedures for the quarantine of live aquatic animals: a manual},
	author = {Arthur, James Richard and Bondad-Reantaso, Melba G. and Subasinghe, Rohana P.},
	year = {2008},
	date = {2008},
	publisher = {Food and agriculture organization of the United Nations},
	series = {FAO fisheries technical paper},
	number = {502},
	address = {Rome},
	langid = {en}
}
